@Article{horn1965rationale,
    author="Horn, J. L.",
    title="A rationale and test for the number of factors in factor analysis",
    journal="Psychometrika",
    year="1965",
    month="Jun",
    day="01",
    volume="30",
    number="2",
    pages="179--185",
    issn="1860-0980",
    doi="10.1007/BF02289447",
    url="https://doi.org/10.1007/BF02289447"
}

@Article{buja1992remarks,
    Author="Buja, A.  and Eyuboglu, N. ",
    Title="{{R}emarks on {P}arallel {A}nalysis}",
    Journal="Multivariate Behav Res",
    Year="1992",
    Volume="27",
    Number="4",
    Pages="509--540",
    Month="Oct"
}

@article{marchenko1967distribution,
    title={Distribution of eigenvalues for some sets of random matrices},
    author={Marchenko, V. A. and Pastur, L. A.},
    journal={Matematicheskii Sbornik},
    volume={114},
    number={4},
    pages={507--536},
    year={1967}
}

@Article{shekhar2016comprehensive,
    Author="Shekhar, K.  and Lapan, S. W.  and Whitney, I. E.  and Tran, N. M.  and Macosko, E. Z.  and Kowalczyk, M.  and Adiconis, X.  and Levin, J. Z.  and Nemesh, J.  and Goldman, M.  and McCarroll, S. A.  and Cepko, C. L.  and Regev, A.  and Sanes, J. R. ",
    Title="{{C}omprehensive classification of retinal bipolar neurons by single-cell transcriptomics}",
    Journal="Cell",
    Year="2016",
    Volume="166",
    Number="5",
    Pages="1308--1323",
    Month="Aug"
}

@article{gavish2014optimal,
    title={The optimal hard threshold for singular values is $4/\sqrt{3}$},
    author={Gavish, M. and Donoho, D. L.},
    journal={IEEE Trans. Inf. Theory},
    volume={60},
    number={8},
    pages={5040--5053},
    year={2014},
    publisher={IEEE}
}

@Article{lun2016stepbystep,
    Author="Lun, A. T.  and McCarthy, D. J.  and Marioni, J. C. ",
    Title="{{A} step-by-step workflow for low-level analysis of single-cell {R}{N}{A}-seq data with {B}ioconductor}",
    Journal="F1000Res",
    Year="2016",
    Volume="5",
    Pages="2122"
}

@Article{butler2018integrating,
    Author="Butler, A.  and Hoffman, P.  and Smibert, P.  and Papalexi, E.  and Satija, R. ",
    Title="{{I}ntegrating single-cell transcriptomic data across different conditions, technologies, and species}",
    Journal="Nat. Biotechnol.",
    Year="2018",
    Volume="36",
    Number="5",
    Pages="411--420",
    Month="Jun"
}

@Article{chung2015statistical,
    Author="Chung, N. C.  and Storey, J. D. ",
    Title="{{S}tatistical significance of variables driving systematic variation in high-dimensional data}",
    Journal="Bioinformatics",
    Year="2015",
    Volume="31",
    Number="4",
    Pages="545--554",
    Month="Feb"
}

@article{simes1986improved,
    title={An improved Bonferroni procedure for multiple tests of significance},
    author={Simes, R. J.},
    journal={Biometrika},
    volume={73},
    number={3},
    pages={751--754},
    year={1986},
    publisher={Oxford University Press}
}

@article{sarkar1997simes,
    title={The Simes method for multiple hypothesis testing with positively dependent test statistics},
    author={Sarkar, S. K. and Chang, C.-K.},
    journal={J. Am. Stat. Assoc.},
    volume={92},
    number={440},
    pages={1601--1608},
    year={1997},
    publisher={Taylor \& Francis}
}

@article{hotelling1933analysis,
    title={Analysis of a complex of statistical variables into principal components.},
    author={Hotelling, H.},
    journal={J. Educ. Psychol.},
    volume={24},
    number={6},
    pages={417},
    year={1933},
    publisher={Warwick \& York}
}

@article{pearson1901lines,
    title={On lines and planes of closest fit to systems of points in space},
    author={Pearson, K.},
    journal={The London, Edinburgh, and Dublin Philosophical Magazine and Journal of Science},
    volume={2},
    number={11},
    pages={559--572},
    year={1901},
    publisher={Taylor \& Francis}
}

@Article{jolliffe2016principal,
    Author="Jolliffe, I. T.  and Cadima, J. ",
    Title="{{P}rincipal component analysis: a review and recent developments}",
    Journal="Philos Trans A Math Phys Eng Sci",
    Year="2016",
    Volume="374",
    Number="2065",
    Pages="20150202",
    Month="Apr"
}

@article{howard1963empirical,
    title={Empirical note on the ``number of factors'' problem in factor analysis},
    author={Howard, K. I. and Gordon, R. A.},
    journal={Psychol. Rep.},
    volume={12},
    number={1},
    pages={247--250E},
    year={1963},
    publisher={SAGE Publications Sage CA: Los Angeles, CA}
}

@article{zwick1986comparison,
    title={Comparison of five rules for determining the number of components to retain.},
    author={Zwick, W. R. and Velicer, W. F.},
    journal={Psychol. Bull.},
    volume={99},
    number={3},
    pages={432},
    year={1986},
    publisher={American Psychological Association}
}

@article{franklin1995parallel,
    title={Parallel analysis: a method for determining significant principal components},
    author={Franklin, S. B. and Gibson, D. J. and Robertson, P. A. and Pohlmann, J. T. and Fralish, J. S.},
    journal={Journal of Vegetation Science},
    volume={6},
    number={1},
    pages={99--106},
    year={1995},
    publisher={Wiley Online Library}
}

@article{cattell1966scree,
    title={The scree test for the number of factors},
    author={Cattell, R. B.},
    journal={ Multivar. Behav. Res.},
    volume={1},
    number={2},
    pages={245--276},
    year={1966},
    publisher={Taylor \& Francis}
}

@Article{law2014voom,
    Author="Law, C. W.  and Chen, Y.  and Shi, W.  and Smyth, G. K. ",
    Title="{voom: {P}recision weights unlock linear model analysis tools for {R}{N}{A}-seq read counts}",
    Journal="Genome Biol.",
    Year="2014",
    Volume="15",
    Number="2",
    Pages="R29",
    Month="Feb"
}

@Article{mccarthy2017scater,
    Author="McCarthy, D. J.  and Campbell, K. R.  and Lun, A. T.  and Wills, Q. F. ",
    Title="{{S}cater: pre-processing, quality control, normalization and visualization of single-cell {R}{N}{A}-seq data in {R}}",
    Journal="Bioinformatics",
    Year="2017",
    Volume="33",
    Number="8",
    Pages="1179--1186",
    Month="04"
}

@Article{lun2016pooling,
    Author="Lun, A. T.  and Bach, K.  and Marioni, J. C. ",
    Title="{{P}ooling across cells to normalize single-cell {R}{N}{A} sequencing data with many zero counts}",
    Journal="Genome Biol.",
    Year="2016",
    Volume="17",
    Pages="75",
    Month="Apr"
}

@Article{lun2017assessing,
    Author="Lun, A. T. L.  and Calero-Nieto, F. J.  and Haim-Vilmovsky, L.  and Gottgens, B.  and Marioni, J. C. ",
    Title="{{A}ssessing the reliability of spike-in normalization for analyses of single-cell {R}{N}{A} sequencing data}",
    Journal="Genome Res.",
    Year="2017",
    Volume="27",
    Number="11",
    Pages="1795--1806",
    Month="11"
}


